<?xml version="1.0" encoding="utf-8"?>
<record xmlns="http://www.loc.gov/MARC21/slim" xmlns:xsi="http://www.w3.org/2001/XMLSchema-instance" xsi:schemaLocation="http://www.loc.gov/MARC21/slim http://www.loc.gov/standards/marcxml/schema/MARC21slim.xsd">
	<leader>     nam a22     Mi 4500</leader>
	<controlfield tag="001">2537551</controlfield>
	<controlfield tag="003">NNC</controlfield>
	<controlfield tag="006">m        d        </controlfield>
	<controlfield tag="007">cr cn |||m|||a</controlfield>
	<controlfield tag="008">190315s1903    ua      o     001 0 ara d</controlfield>
	<datafield ind1=" " ind2=" " tag="040">
		<subfield code="a">ZYU</subfield>
		<subfield code="b">ara</subfield>
		<subfield code="e">rda</subfield>
		<subfield code="c">ZYU</subfield>
	</datafield>
	<datafield ind1=" " ind2=" " tag="043">
		<subfield code="a">f-et---</subfield>
	</datafield>
	<datafield ind1="1" ind2="4" tag="050">
		<subfield code="a">DT382</subfield>
		<subfield code="b">.Q55</subfield>
	</datafield>
	<datafield ind1="1" ind2=" " tag="100">
		<subfield code="6">880-01</subfield>
		<subfield code="a">Ḥifnī, Aḥmad ibn Muḥammad,</subfield>
		<subfield code="d">active 20th century.</subfield>
	</datafield>
	<datafield ind1="1" ind2="0" tag="240">
		<subfield code="6">880-02</subfield>
		<subfield code="a">Jawāhir al-ḥisān fī tārīkh al-Ḥubshān</subfield>
	</datafield>
	<datafield ind1="1" ind2="0" tag="245">
		<subfield code="6">880-03</subfield>
		<subfield code="a">Kitāb al-jawāhir al-ḥisān fī tārīkh al-Ḥubashān /</subfield>
		<subfield code="c">taʼlīf al-faqīr ilá allāh al-ghanī Aḥmad al-Ḥifnī al-Qanāʼī al-Azharī, ghafar allāh lahu wa li-wālidayhi wa li-man aḥsana ʼilayhimā wa ʼilaihi ʼāmīn.</subfield>
	</datafield>
	<datafield ind1=" " ind2=" " tag="260">
		<subfield code="6">880-04</subfield>
		<subfield code="a">[Būlāq] :</subfield>
		<subfield code="b">al-Maṭbaʻah al-Kubrā al-Amīrīyah,</subfield>
		<subfield code="c">1321 [i.e. 1903 or 4]</subfield>
	</datafield>
	<datafield ind1=" " ind2=" " tag="300">
		<subfield code="a">online resource (16, 24, 324 pages)</subfield>
	</datafield>
	<datafield ind1=" " ind2=" " tag="336">
		<subfield code="a">text</subfield>
		<subfield code="2">rdacontent</subfield>
	</datafield>
	<datafield ind1=" " ind2=" " tag="337">
		<subfield code="a">computer</subfield>
		<subfield code="2">rdamedia</subfield>
	</datafield>
	<datafield ind1=" " ind2=" " tag="338">
		<subfield code="a">online resource</subfield>
		<subfield code="2">rdacarrier</subfield>
	</datafield>
	<datafield ind1=" " ind2=" " tag="500">
		<subfield code="a">Includes index.</subfield>
	</datafield>
	<datafield ind1=" " ind2=" " tag="500">
		<subfield code="a">Part of the Arabic Collections Online (ACO) project, contributed by Columbia University Libraries.</subfield>
	</datafield>
	<datafield ind1=" " ind2=" " tag="533">
		<subfield code="a">Electronic reproduction.</subfield>
		<subfield code="b">New York, N.Y. :</subfield>
		<subfield code="c">New York University,</subfield>
		<subfield code="d">2019.</subfield>
		<subfield code="5">NNU</subfield>
	</datafield>
	<datafield ind1=" " ind2="0" tag="651">
		<subfield code="a">Ethiopia</subfield>
		<subfield code="x">History.</subfield>
	</datafield>
	<datafield ind1=" " ind2="0" tag="651">
		<subfield code="a">Ethiopia</subfield>
		<subfield code="v">Biography.</subfield>
	</datafield>
	<datafield ind1=" " ind2="7" tag="651">
		<subfield code="a">Ethiopia.</subfield>
		<subfield code="2">fast</subfield>
		<subfield code="0">(OCoLC)fst01205830</subfield>
	</datafield>
	<datafield ind1=" " ind2="7" tag="655">
		<subfield code="a">Biography.</subfield>
		<subfield code="2">fast</subfield>
		<subfield code="0">(OCoLC)fst01423686</subfield>
	</datafield>
	<datafield ind1=" " ind2="7" tag="655">
		<subfield code="a">History.</subfield>
		<subfield code="2">fast</subfield>
		<subfield code="0">(OCoLC)fst01411628</subfield>
	</datafield>
	<datafield ind1="2" ind2=" " tag="710">
		<subfield code="a">Columbia University.</subfield>
		<subfield code="b">Libraries.</subfield>
	</datafield>
	<datafield ind1="0" ind2=" " tag="730">
		<subfield code="a">Arabic Collections Online.</subfield>
	</datafield>
	<datafield ind1="0" ind2="8" tag="776">
		<subfield code="i">Online version:</subfield>
		<subfield code="a">Ḥifnī, Aḥmad ibn Muḥammad, 20th cent.</subfield>
		<subfield code="s">Jawāhir al-ḥisān fī tārīkh al-Ḥubshān.</subfield>
		<subfield code="t">Kitāb al-jawāhir al-ḥisān fī taʹrīkh al-Ḥubashān.</subfield>
		<subfield code="d">[Būlāq] : al-Maṭbaʻah al-Kubrā al-Amīrīyah, 1321 [i.e. 1903 or 4]</subfield>
		<subfield code="w">(OCoLC)780215591</subfield>
	</datafield>
	<datafield ind1="0" ind2="8" tag="776">
		<subfield code="i">Print version:</subfield>
		<subfield code="a">Ḥifnī, Aḥmad ibn Muḥammad, active 20th century.</subfield>
		<subfield code="t">Kitāb al-jawāhir al-ḥisān fī tārīkh al-Ḥubashān</subfield>
		<subfield code="w">(NNC)2537551</subfield>
		<subfield code="w">(OCoLC)64025226</subfield>
	</datafield>
	<datafield ind1="4" ind2="0" tag="856">
		<subfield code="u">http://hdl.handle.net/2333.1/brv15p0k</subfield>
	</datafield>
	<datafield ind1="1" ind2=" " tag="880">
		<subfield code="6">100-01</subfield>
		<subfield code="a">حفني، أحمد.</subfield>
	</datafield>
	<datafield ind1="1" ind2="0" tag="880">
		<subfield code="6">240-02</subfield>
		<subfield code="a">الجواهر الحسان في تاريخ الحشبان</subfield>
	</datafield>
	<datafield ind1="1" ind2="0" tag="880">
		<subfield code="6">245-03</subfield>
		<subfield code="a">كتاب الجواهر الحسان في تاريخ الحبشان /</subfield>
		<subfield code="c">تأليف الفقير إلى الله الغني أحمد الحفني القنائي الأزهرى، غفر الله له و لوالديه و لمن أحسن إليهما و إليه آمين.</subfield>
	</datafield>
	<datafield ind1=" " ind2=" " tag="880">
		<subfield code="6">260-04</subfield>
		<subfield code="a">[بولاق[:</subfield>
		<subfield code="b">المطبعة الكبرى الاميرية،</subfield>
		<subfield code="c">1321 [يعني 1903 او 4]</subfield>
	</datafield>
	<datafield ind1=" " ind2=" " tag="959">
		<subfield code="a">NNU</subfield>
		<subfield code="b">WEB</subfield>
		<subfield code="c">GENI</subfield>
		<subfield code="t">0</subfield>
		<subfield code="m">Electronic access</subfield>
		<subfield code="s">01</subfield>
	</datafield>
	<datafield ind1=" " ind2=" " tag="999">
		<subfield code="i">NNC_2537551</subfield>
		<subfield code="o">(OCoLC)ocm64025226 </subfield>
		<subfield code="s">columbia_aco003526</subfield>
	</datafield>
</record>
